@article{proos2003shor,
  title   = {Shor's discrete logarithm quantum algorithm for elliptic curves},
  author  = {Proos, John and Zalka, Christof},
  journal = {arXiv preprint quant-ph/0301141},
  year    = {2003}
}

@article{fildes2011iphone,
  title   = {iPhone hacker publishes secret Sony PlayStation 3 key},
  author  = {Fildes, Jonathan},
  journal = {BBC News},
  volume  = {6},
  year    = {2011}
}
@article{schoof1995counting,
  title   = {Counting points on elliptic curves over finite fields},
  author  = {Schoof, Ren{\'e}},
  journal = {Journal de th{\'e}orie des nombres de Bordeaux},
  volume  = {7},
  number  = {1},
  pages   = {219--254},
  year    = {1995}
}

@article{shor1999polynomial,
  title     = {Polynomial-time algorithms for prime factorization and discrete logarithms on a quantum computer},
  author    = {Shor, Peter W},
  journal   = {SIAM review},
  volume    = {41},
  number    = {2},
  pages     = {303--332},
  year      = {1999},
  publisher = {SIAM}
}